<?xml version="1.0" encoding="UTF-8"?><record xmlns="http://www.loc.gov/MARC21/slim" xmlns:cinclude="http://apache.org/cocoon/include/1.0" xmlns:zs="http://www.loc.gov/zing/srw/">
  <leader>00500cz  a2200145n  4500</leader>
  <controlfield tag="001">n  85283924 </controlfield>
  <controlfield tag="003">DLC</controlfield>
  <controlfield tag="005">20050114144949.0</controlfield>
  <controlfield tag="008">860110n| acannaabn          |a aaa      </controlfield>
  <datafield tag="010" ind1=" " ind2=" ">
    <subfield code="a">n  85283924 </subfield>
  </datafield>
  <datafield tag="040" ind1=" " ind2=" ">
    <subfield code="a">DLC</subfield>
    <subfield code="c">DLC</subfield>
    <subfield code="d">DLC</subfield>
  </datafield>
  <datafield tag="053" ind1=" " ind2="0">
    <subfield code="a">ML420.B178</subfield>
    <subfield code="c">Biography</subfield>
  </datafield>
  <datafield tag="100" ind1="1" ind2=" ">
    <subfield code="a">Barre, Jordi,</subfield>
    <subfield code="d">1920-</subfield>
  </datafield>
  <datafield tag="400" ind1="1" ind2=" ">
    <subfield code="a">Barre, Georges,</subfield>
    <subfield code="d">1920-</subfield>
  </datafield>
  <datafield tag="670" ind1=" " ind2=" ">
    <subfield code="a">Queralt, J. Jordi Barre, c1985:</subfield>
    <subfield code="b">t.p. (Jordi Barre) p. 45 (born Georges Barre, 4-7-20) p. 85 (became Jordi Barre in 1971) p. 4 of cover (singer of Catalan songs)</subfield>
  </datafield>
</record>